<record><leader>00000cas a2200000 a 4500</leader><controlfield tag="001">41381516</controlfield><controlfield tag="008">990518u1974uuuumiuwr n       0    0eng c</controlfield><datafield ind1=" " ind2=" " tag="010"><subfield code="a">sn 99065134 </subfield></datafield><datafield ind1=" " ind2=" " tag="040"><subfield code="a">MHN</subfield><subfield code="b">eng</subfield><subfield code="c">MHN</subfield><subfield code="d">OCL</subfield><subfield code="d">OCLCQ</subfield><subfield code="d">OCLCF</subfield><subfield code="d">OCLCO</subfield></datafield><datafield ind1=" " ind2=" " tag="042"><subfield code="a">pcc</subfield></datafield><datafield ind1=" " ind2=" " tag="043"><subfield code="a">n-us-mi</subfield></datafield><datafield ind1="0" ind2="0" tag="245"><subfield code="a">Grand Valley journal.</subfield></datafield><datafield ind1=" " ind2=" " tag="260"><subfield code="a">Ravenna, Mich. :</subfield><subfield code="b">Clinton Beckwith</subfield></datafield><datafield ind1=" " ind2=" " tag="300"><subfield code="a">v.</subfield></datafield><datafield ind1=" " ind2=" " tag="310"><subfield code="a">Weekly</subfield></datafield><datafield ind1=" " ind2=" " tag="580"><subfield code="a">Formed by the union of: Ravenna times, and: Clipper (Fruitport, Mich.) &lt;title uncertain&gt;, and: Coopersville observer &lt;title uncertain&gt;.</subfield></datafield><datafield ind1=" " ind2=" " tag="588"><subfield code="a">Description based on: Vol. 1, no. 7 (Mar. 20, 1974).</subfield></datafield><datafield ind1=" " ind2="0" tag="651"><subfield code="a">Ravenna (Mich.)</subfield><subfield code="v">Newspapers.</subfield></datafield><datafield ind1=" " ind2="0" tag="651"><subfield code="a">Coopersville (Mich.)</subfield><subfield code="v">Newspapers.</subfield></datafield><datafield ind1=" " ind2="0" tag="651"><subfield code="a">Ottawa County (Mich.)</subfield><subfield code="v">Newspapers.</subfield></datafield><datafield ind1=" " ind2="0" tag="651"><subfield code="a">Muskegon County (Mich.)</subfield><subfield code="v">Newspapers.</subfield></datafield><datafield ind1=" " ind2="7" tag="655"><subfield code="a">Newspapers.</subfield><subfield code="2">fast</subfield><subfield code="0">(OCoLC)fst01423814</subfield></datafield><datafield ind1=" " ind2="7" tag="651"><subfield code="a">Michigan</subfield><subfield code="z">Coopersville.</subfield><subfield code="2">fast</subfield><subfield code="0">(OCoLC)fst01232993</subfield></datafield><datafield ind1=" " ind2="7" tag="651"><subfield code="a">Michigan</subfield><subfield code="z">Muskegon County.</subfield><subfield code="2">fast</subfield><subfield code="0">(OCoLC)fst01210800</subfield></datafield><datafield ind1=" " ind2="7" tag="651"><subfield code="a">Michigan</subfield><subfield code="z">Ottawa County.</subfield><subfield code="2">fast</subfield><subfield code="0">(OCoLC)fst01214763</subfield></datafield><datafield ind1=" " ind2="7" tag="651"><subfield code="a">Michigan</subfield><subfield code="z">Ravenna.</subfield><subfield code="2">fast</subfield><subfield code="0">(OCoLC)fst01886088</subfield></datafield><datafield ind1=" " ind2=" " tag="752"><subfield code="a">United States</subfield><subfield code="b">Michigan</subfield><subfield code="c">Muskegon</subfield><subfield code="d">Ravenna.</subfield></datafield><datafield ind1="1" ind2="4" tag="780"><subfield code="t">Ravenna times</subfield><subfield code="w">(DLC)sn 97070597</subfield><subfield code="w">(OCoLC)38367890</subfield></datafield><datafield ind1="1" ind2="4" tag="780"><subfield code="t">Clipper (Fruitport, Mich.)</subfield></datafield><datafield ind1="1" ind2="4" tag="780"><subfield code="t">Coopersville observer</subfield></datafield></record>